@article{coding-style,
  key = {coding-style},
  title = {Coding Style Document},
  howpublished = {\url{https://docs.google.com/document/d/1mmmPKTPyZgJqAQZ61CIrfFxVn4d2Vh6M0c3xgrs3Bxs/edit?hl=en#}},
  year = {2008},
}

@misc{lift,
  key = {lift},
  title = {Lift},
  howpublished = {\url{http://www.manning.com/perrett/MEAP_CH_01.pdf}},
  year = {2008},
}

@misc{collaborative-scaladoc,
  key = {Colladoc},
  title = {Collaborative Scaladoc},
  howpublished = {\url{http://collaborative-scaladoc.github.com/}},
  year = {2008},
}

@inproceedings{odersky2005,
  author = {Odersky, Martin and Zenger, Matthias},
  title = {Scalable component abstractions},
  booktitle = {Proceedings of the 20th annual ACM SIGPLAN conference on Object-oriented programming, systems, languages, and applications},
  series = {OOPSLA '05},
  year = {2005},
  isbn = {1-59593-031-0},
  location = {San Diego, CA, USA},
  pages = {41--57},
  numpages = {17},
  url = {http://doi.acm.org/10.1145/1094811.1094815},
  doi = {http://doi.acm.org/10.1145/1094811.1094815},
  acmid = {1094815},
  publisher = {ACM},
  address = {New York, NY, USA},
  keywords = {Scala, abstract types, classes, components, mixins},
}